<collection xmlns="http://www.loc.gov/MARC21/slim">
<record>
  <leader>01168nam0a22002411i 450 </leader>
  <controlfield tag="001">IT\ICCU\CNCE\017886</controlfield>
  <controlfield tag="005">20061106000000.0</controlfield>
  <datafield tag="100" ind1=" " ind2=" ">
    <subfield code="a">19970101f1517        0itac0103    ba</subfield>
  </datafield>
  <datafield tag="101" ind1=" " ind2=" ">
    <subfield code="a">ITA</subfield>
  </datafield>
  <datafield tag="102" ind1=" " ind2=" ">
    <subfield code="a">IT</subfield>
  </datafield>
  <datafield tag="200" ind1="1" ind2=" ">
    <subfield code="a">In questa opereta intenderiti quali sono li Duodeci venerdi preciosi che Iesu Christo comando che douessero ieiunare</subfield>
  </datafield>
  <datafield tag="210" ind1=" " ind2=" ">
    <subfield code="d">\circa 1517!</subfield>
    <subfield code="e">In Milano</subfield>
    <subfield code="g">per Io. Iaco. di a Rixi</subfield>
  </datafield>
  <datafield tag="215" ind1=" " ind2=" ">
    <subfield code="a">\4! c.</subfield>
    <subfield code="c">ill.</subfield>
    <subfield code="d">8ʻ</subfield>
  </datafield>
  <datafield tag="300" ind1=" " ind2=" ">
    <subfield code="a">Per la data cfr.: Editori e tipografi a Milano nel Cinquecento. A cura di Ennio Sandal</subfield>
  </datafield>
  <datafield tag="10" ind1="I" ind2="T">
    <subfield code="I">CCU\CNCE\052615</subfield>
    <subfield code="1">2001 </subfield>
    <subfield code="a">Duodeci venerdi preciosi che Iesu Christo comando che douessero ieiunare.</subfield>
  </datafield>
  <datafield tag="620" ind1=" " ind2=" ">
    <subfield code="a">IT</subfield>
    <subfield code="d">Milano</subfield>
  </datafield>
  <datafield tag="712" ind1="0" ind2="0">
    <subfield code="a">Risi, Giovanni Giacomo</subfield>
    <subfield code="3">IT\ICCU\CNCT\001136</subfield>
    <subfield code="4">650</subfield>
  </datafield>
  <datafield tag="791" ind1="0" ind2="0">
    <subfield code="a">Rixis, Iacobus de</subfield>
    <subfield code="3">IT\ICCU\CNCT\002562</subfield>
    <subfield code="z">Risi, Giovanni Giacomo</subfield>
  </datafield>
  <datafield tag="791" ind1="0" ind2="0">
    <subfield code="a">Rizzi, Giovanni Giacomo</subfield>
    <subfield code="3">IT\ICCU\CNCT\002563</subfield>
    <subfield code="z">Risi, Giovanni Giacomo</subfield>
  </datafield>
  <datafield tag="791" ind1="0" ind2="0">
    <subfield code="a">Ricci, Giovanni Giacomo</subfield>
    <subfield code="3">IT\ICCU\CNCT\004070</subfield>
    <subfield code="z">Risi, Giovanni Giacomo</subfield>
  </datafield>
  <datafield tag="791" ind1="0" ind2="0">
    <subfield code="a">Rixi, Ioan. Iacobo</subfield>
    <subfield code="3">IT\ICCU\CNCT\005380</subfield>
    <subfield code="z">Risi, Giovanni Giacomo</subfield>
  </datafield>
  <datafield tag="791" ind1="0" ind2="0">
    <subfield code="a">Risius, Joannes Jacobus</subfield>
    <subfield code="3">IT\ICCU\CNCT\005381</subfield>
    <subfield code="z">Risi, Giovanni Giacomo</subfield>
  </datafield>
  <datafield tag="801" ind1=" " ind2="3">
    <subfield code="a">IT</subfield>
    <subfield code="b">ICCU</subfield>
    <subfield code="c">20201114</subfield>
  </datafield>
</record>
</collection>
